@article{RoyViRo15,
author = {S. Roy and T. Vieira and D. Roth},
title = {Reasoning about Quantities in Natural Language},
booktitle = {Transactions of the Association for Computational Linguistics},
year = {2015},
url = "http://cogcomp.cs.illinois.edu/papers/RoyViRo15.pdf",
}